%YAML 1.1
%TAG !u! tag:unity3d.com,2011:
--- !u!1 &1759003820281966
GameObject:
  m_ObjectHideFlags: 0
  m_CorrespondingSourceObject: {fileID: 0}
  m_PrefabInstance: {fileID: 0}
  m_PrefabAsset: {fileID: 0}
  serializedVersion: 6
  m_Component:
  - component: {fileID: 4856868874427326}
  - component: {fileID: 212614092513282364}
  - component: {fileID: 60075501884370526}
  - component: {fileID: 114271850660888570}
  - component: {fileID: 114838471066742902}
  m_Layer: 8
  m_Name: Border_Rock_01
  m_TagString: Untagged
  m_Icon: {fileID: 0}
  m_NavMeshLayer: 0
  m_StaticEditorFlags: 0
  m_IsActive: 1
--- !u!4 &4856868874427326
Transform:
  m_ObjectHideFlags: 0
  m_CorrespondingSourceObject: {fileID: 0}
  m_PrefabInstance: {fileID: 0}
  m_PrefabAsset: {fileID: 0}
  m_GameObject: {fileID: 1759003820281966}
  m_LocalRotation: {x: 0, y: 0, z: 0, w: 1}
  m_LocalPosition: {x: 15.68, y: -0.05, z: 0}
  m_LocalScale: {x: 1, y: 1, z: 1}
  m_Children: []
  m_Father: {fileID: 0}
  m_RootOrder: 0
  m_LocalEulerAnglesHint: {x: 0, y: 0, z: 0}
--- !u!212 &212614092513282364
SpriteRenderer:
  m_ObjectHideFlags: 0
  m_CorrespondingSourceObject: {fileID: 0}
  m_PrefabInstance: {fileID: 0}
  m_PrefabAsset: {fileID: 0}
  m_GameObject: {fileID: 1759003820281966}
  m_Enabled: 1
  m_CastShadows: 0
  m_ReceiveShadows: 0
  m_DynamicOccludee: 1
  m_MotionVectors: 1
  m_LightProbeUsage: 1
  m_ReflectionProbeUsage: 1
  m_RenderingLayerMask: 4294967295
  m_RendererPriority: 0
  m_Materials:
  - {fileID: 2100000, guid: 7ae18e2d57c359348b2595dbf535640d, type: 2}
  m_StaticBatchInfo:
    firstSubMesh: 0
    subMeshCount: 0
  m_StaticBatchRoot: {fileID: 0}
  m_ProbeAnchor: {fileID: 0}
  m_LightProbeVolumeOverride: {fileID: 0}
  m_ScaleInLightmap: 1
  m_PreserveUVs: 0
  m_IgnoreNormalsForChartDetection: 0
  m_ImportantGI: 0
  m_StitchLightmapSeams: 0
  m_SelectedEditorRenderState: 0
  m_MinimumChartSize: 4
  m_AutoUVMaxDistance: 0.5
  m_AutoUVMaxAngle: 89
  m_LightmapParameters: {fileID: 0}
  m_SortingLayerID: 0
  m_SortingLayer: 0
  m_SortingOrder: -42
  m_Sprite: {fileID: 21300080, guid: b784950f78af6d74f9c17e37fcaeed37, type: 3}
  m_Color: {r: 1, g: 1, b: 1, a: 1}
  m_FlipX: 0
  m_FlipY: 0
  m_DrawMode: 0
  m_Size: {x: 10.24, y: 0.87}
  m_AdaptiveModeThreshold: 0.5
  m_SpriteTileMode: 0
  m_WasSpriteAssigned: 1
  m_MaskInteraction: 0
  m_SpriteSortPoint: 0
--- !u!60 &60075501884370526
PolygonCollider2D:
  m_ObjectHideFlags: 0
  m_CorrespondingSourceObject: {fileID: 0}
  m_PrefabInstance: {fileID: 0}
  m_PrefabAsset: {fileID: 0}
  m_GameObject: {fileID: 1759003820281966}
  m_Enabled: 1
  m_Density: 1
  m_Material: {fileID: 0}
  m_IsTrigger: 0
  m_UsedByEffector: 0
  m_UsedByComposite: 0
  m_Offset: {x: 0, y: 0}
  m_SpriteTilingProperty:
    border: {x: 0, y: 0, z: 0, w: 0}
    pivot: {x: 0.5, y: 0.49425286}
    oldSize: {x: 10.24, y: 0.87}
    newSize: {x: 10.24, y: 0.87}
    adaptiveTilingThreshold: 0.5
    drawMode: 0
    adaptiveTiling: 0
  m_AutoTiling: 0
  m_Points:
    m_Paths:
    - - {x: 5.1232204, y: 0.4394071}
      - {x: -5.1163445, y: 0.4431978}
      - {x: -5.1170044, y: -0.20522346}
      - {x: -4.3860006, y: -0.19520405}
      - {x: -3.8738937, y: -0.34844297}
      - {x: -3.3365564, y: -0.34633327}
      - {x: -2.9010067, y: -0.31004497}
      - {x: -2.6840954, y: -0.24692066}
      - {x: -1.8691273, y: -0.18207145}
      - {x: -1.4086704, y: -0.3403714}
      - {x: -0.8607836, y: -0.34673208}
      - {x: -0.18099594, y: -0.23701899}
      - {x: 0.60071373, y: -0.1826804}
      - {x: 0.75827026, y: -0.2944849}
      - {x: 1.7917881, y: -0.3387498}
      - {x: 2.3127327, y: -0.28567383}
      - {x: 2.4504433, y: -0.24020447}
      - {x: 3.2646942, y: -0.1808004}
      - {x: 3.685421, y: -0.32377794}
      - {x: 4.1926517, y: -0.33830035}
      - {x: 4.7404823, y: -0.30347684}
      - {x: 5.122965, y: -0.24332418}
--- !u!114 &114271850660888570
MonoBehaviour:
  m_ObjectHideFlags: 0
  m_CorrespondingSourceObject: {fileID: 0}
  m_PrefabInstance: {fileID: 0}
  m_PrefabAsset: {fileID: 0}
  m_GameObject: {fileID: 1759003820281966}
  m_Enabled: 1
  m_EditorHideFlags: 0
  m_Script: {fileID: 11500000, guid: 8d06e4ba4b44fb243844a2dc28ee046e, type: 3}
  m_Name: 
  m_EditorClassIdentifier: 
--- !u!114 &114838471066742902
MonoBehaviour:
  m_ObjectHideFlags: 0
  m_CorrespondingSourceObject: {fileID: 0}
  m_PrefabInstance: {fileID: 0}
  m_PrefabAsset: {fileID: 0}
  m_GameObject: {fileID: 1759003820281966}
  m_Enabled: 1
  m_EditorHideFlags: 0
  m_Script: {fileID: 11500000, guid: fad3223a6d0a1b84b9fe4fb99fdd7300, type: 3}
  m_Name: 
  m_EditorClassIdentifier: 
  Pivot: 0
  Base: 1
  XOffset: 0
  YOffset: 0
  Offset: 0
  CopyObject: {fileID: 0}
  Kinematic: 1
